@thesis{sjo2022,
  author      = {Boye Gravningen Sjo},
  type        = {Industrial Mathematics, Specialisation Project (TMA4500) Report},
  institution = {Norwegian University of Science and Technology},
  title       = {Quantum Neural Networks},
  year        = {2022},
  url         = {https://github.com/boyesjo/tma4500/}
}




@misc{nn_figs,
  author = {Izaak Neutelings},
  date   = {2021},
  note   = {Licensed under a Creative Commons Attribution-ShareAlike 4.0 International License with © Copyright 2021 – TikZ.net.},
  title  = {Neural networks},
  url    = {https://tikz.net/neural_networks/}
}




@online{qiskit_qcnn,
  author = {{IBM}},
  date   = {2022},
  title  = {The Quantum Convolution Neural Network},
  url    = {https://qiskit.org/documentation/machine-learning/tutorials/11_quantum_convolutional_neural_networks.html},
  year   = {2022}
}

@misc{qiskit_textbook,
  author = {Amira Abbas and Stina Andersson and Abraham Asfaw and Antonio Corcoles and Luciano Bello and Yael Ben-Haim and Mehdi Bozzo-Rey and Sergey Bravyi and Nicholas Bronn and Lauren Capelluto and Almudena Carrera Vazquez and Jack Ceroni and Richard Chen and Albert Frisch and Jay Gambetta and Shelly Garion and Leron Gil and Salvador De La Puente Gonzalez and Francis Harkins and Takashi Imamichi and Pavan Jayasinha and Hwajung Kang and Amir h. Karamlou and Robert Loredo and David McKay and Alberto Maldonado and Antonio Macaluso and Antonio Mezzacapo and Zlatko Minev and Ramis Movassagh and Giacomo Nannicini and Paul Nation and Anna Phan and Marco Pistoia and Arthur Rattew and Joachim Schaefer and Javad Shabani and John Smolin and John Stenger and Kristan Temme and Madeleine Tod and Ellinor Wanzambi and Stephen Wood and James Wootton.},
  title  = {Learn Quantum Computation Using Qiskit},
  url    = {https://qiskit.org/textbook/},
  year   = {2020}
}


@misc{wikipedia_bloch,
  author = {Smite Meister},
  date   = {2009},
  title  = {Bloch sphere},
  url    = {https://upload.wikimedia.org/wikipedia/commons/6/6b/Bloch_sphere.svg}
}


@online{connectivity,
  author = {{IBM Quantum Compute Resources}},
  date   = {2022},
  title  = {{IBM Montreal: Falcon r4 (1.11.26)}},
  url    = {https://quantum-computing.ibm.com/services/resources?tab=systems&system=ibmq_montreal&order=processorType%20DESC}
}