@article{aaronson2015,
  author       = {Aaronson, Scott},
  date         = {2015},
  doi          = {10.1038/nphys3272},
  journaltitle = {Nature Physics},
  langid       = {english},
  number       = {4},
  pages        = {291--293},
  shortjournal = {Nature Phys},
  title        = {Read the Fine Print},
  url          = {http://www.nature.com/articles/nphys3272},
  volume       = {11},
}
% == BibLateX quality report for aaronson2015:
% ? unused ISSN ("1745-2473, 1745-2481")
% ? unused Library catalog ("DOI.org (Crossref)")

@article{abbas2021,
  author       = {Abbas, Amira and Sutter, David and Zoufal, Christa and Lucchi, Aurelien and Figalli, Alessio and Woerner, Stefan},
  date         = {2021},
  doi          = {10.1038/s43588-021-00084-1},
  journaltitle = {Nature Computational Science},
  langid       = {english},
  number       = {6},
  pages        = {403--409},
  shortjournal = {Nat Comput Sci},
  title        = {The Power of Quantum Neural Networks},
  url          = {http://www.nature.com/articles/s43588-021-00084-1},
  volume       = {1},
}
% == BibLateX quality report for abbas2021:
% ? unused ISSN ("2662-8457")
% ? unused Library catalog ("DOI.org (Crossref)")

@misc{adamoptimiser,
  archiveprefix = {arXiv},
  author        = {Kingma, Diederik P. and Ba, Jimmy},
  date          = {2017},
  doi           = {10.48550/arXiv.1412.6980},
  eprint        = {1412.6980},
  eprinttype    = {arxiv},
  number        = {arXiv:1412.6980},
  primaryclass  = {cs},
  publisher     = {{arXiv}},
  shorttitle    = {Adam},
  title         = {Adam: {{A Method}} for {{Stochastic Optimization}}},
  url           = {http://arxiv.org/abs/1412.6980},
}
% == BibLateX quality report for adamoptimiser:
% Unexpected field 'number'
% Unexpected field 'primaryclass'
% Unexpected field 'publisher'
% Unexpected field 'archiveprefix'
% ? Title looks like it was stored in title-case in Zotero

@article{arute2019,
  author       = {Arute, Frank and Arya, Kunal and Babbush, Ryan and Bacon, Dave and Bardin, Joseph C. and Barends, Rami and Biswas, Rupak and Boixo, Sergio and Brandao, Fernando G. S. L. and Buell, David A. and Burkett, Brian and Chen, Yu and Chen, Zijun and Chiaro, Ben and Collins, Roberto and Courtney, William and Dunsworth, Andrew and Farhi, Edward and Foxen, Brooks and Fowler, Austin and Gidney, Craig and Giustina, Marissa and Graff, Rob and Guerin, Keith and Habegger, Steve and Harrigan, Matthew P. and Hartmann, Michael J. and Ho, Alan and Hoffmann, Markus and Huang, Trent and Humble, Travis S. and Isakov, Sergei V. and Jeffrey, Evan and Jiang, Zhang and Kafri, Dvir and Kechedzhi, Kostyantyn and Kelly, Julian and Klimov, Paul V. and Knysh, Sergey and Korotkov, Alexander and Kostritsa, Fedor and Landhuis, David and Lindmark, Mike and Lucero, Erik and Lyakh, Dmitry and Mandrà, Salvatore and McClean, Jarrod R. and McEwen, Matthew and Megrant, Anthony and Mi, Xiao and Michielsen, Kristel and Mohseni, Masoud and Mutus, Josh and Naaman, Ofer and Neeley, Matthew and Neill, Charles and Niu, Murphy Yuezhen and Ostby, Eric and Petukhov, Andre and Platt, John C. and Quintana, Chris and Rieffel, Eleanor G. and Roushan, Pedram and Rubin, Nicholas C. and Sank, Daniel and Satzinger, Kevin J. and Smelyanskiy, Vadim and Sung, Kevin J. and Trevithick, Matthew D. and Vainsencher, Amit and Villalonga, Benjamin and White, Theodore and Yao, Z. Jamie and Yeh, Ping and Zalcman, Adam and Neven, Hartmut and Martinis, John M.},
  date         = {2019},
  doi          = {10.1038/s41586-019-1666-5},
  issue        = {7779},
  journaltitle = {Nature},
  langid       = {english},
  number       = {7779},
  pages        = {505--510},
  publisher    = {{Nature Publishing Group}},
  title        = {Quantum Supremacy Using a Programmable Superconducting Processor},
  url          = {https://www.nature.com/articles/s41586-019-1666-5},
  volume       = {574},
}
% == BibLateX quality report for arute2019:
% Unexpected field 'publisher'
% ? unused ISSN ("1476-4687")
% ? unused Library catalog ("www.nature.com")

@article{audibert2009,
  author       = {Audibert, Jean-Yves and Bubeck, Sëbastien},
  date         = {2009},
  journaltitle = {Colt},
  pages        = {217--226},
  title        = {Minimax Policies for Adversarial and Stochastic Bandits},
  volume       = {7},
}

@article{audibert2009a,
  author       = {Audibert, Jean-Yves and Munos, Rémi and Szepesvári, Csaba},
  date         = {2009},
  doi          = {10.1016/j.tcs.2009.01.016},
  journaltitle = {Theoretical Computer Science},
  langid       = {english},
  number       = {19},
  pages        = {1876--1902},
  shortjournal = {Theoretical Computer Science},
  title        = {Exploration–Exploitation Tradeoff Using Variance Estimates in Multi-Armed Bandits},
  url          = {https://linkinghub.elsevier.com/retrieve/pii/S030439750900067X},
  volume       = {410},
}
% == BibLateX quality report for audibert2009a:
% ? unused ISSN ("03043975")
% ? unused Library catalog ("DOI.org (Crossref)")

@inproceedings{auer1995,
  author     = {Auer, Peter and Cesa-Bianchi, Nicolo and Freund, Yoav and Schapire, Robert E.},
  booktitle  = {Annual Symposium on Foundations of Computer Science - Proceedings},
  date       = {1995},
  eventtitle = {Proceedings of the 1995 IEEE 36th Annual Symposium on Foundations of Computer Science},
  langid     = {English (US)},
  pages      = {322--331},
  shorttitle = {Gambling in a rigged casino},
  title      = {Gambling in a rigged casino: the adversarial multi-armed bandit problem},
  url        = {https://collaborate.princeton.edu/en/publications/gambling-in-a-rigged-casino-the-adversarial-multi-armed-bandit-pr},
}
% == BibLateX quality report for auer1995:
% ? unused ISSN ("0272-5428")
% ? unused Library catalog ("collaborate.princeton.edu")

@article{auer2002,
  author       = {Auer, Peter and Cesa-Bianchi, Nicolò and Fischer, Paul},
  date         = {2002},
  doi          = {10.1023/A:1013689704352},
  journaltitle = {Machine Learning},
  langid       = {english},
  number       = {2},
  pages        = {235--256},
  shortjournal = {Machine Learning},
  title        = {Finite-Time {{Analysis}} of the {{Multiarmed Bandit Problem}}},
  url          = {https://doi.org/10.1023/A:1013689704352},
  volume       = {47},
}
% == BibLateX quality report for auer2002:
% ? unused ISSN ("1573-0565")
% ? unused Library catalog ("Springer Link")

@article{auer2002a,
  author       = {Auer, Peter and Cesa-Bianchi, Nicolò and Freund, Yoav and Schapire, Robert E.},
  date         = {2002},
  doi          = {10.1137/S0097539701398375},
  journaltitle = {SIAM Journal on Computing},
  langid       = {english},
  number       = {1},
  pages        = {48--77},
  shortjournal = {SIAM J. Comput.},
  title        = {The {{Nonstochastic Multiarmed Bandit Problem}}},
  url          = {http://epubs.siam.org/doi/10.1137/S0097539701398375},
  volume       = {32},
}
% == BibLateX quality report for auer2002a:
% ? Title looks like it was stored in title-case in Zotero
% ? unused ISSN ("0097-5397, 1095-7111")
% ? unused Library catalog ("DOI.org (Crossref)")

@article{austin2012,
  author       = {Austin, Brian M. and Zubarev, Dmitry Yu. and Lester, William A.},
  date         = {2012},
  doi          = {10.1021/cr2001564},
  journaltitle = {Chemical Reviews},
  langid       = {english},
  number       = {1},
  pages        = {263--288},
  shortjournal = {Chem. Rev.},
  title        = {Quantum {{Monte Carlo}} and {{Related Approaches}}},
  url          = {https://pubs.acs.org/doi/10.1021/cr2001564},
  volume       = {112},
}
% == BibLateX quality report for austin2012:
% ? Title looks like it was stored in title-case in Zotero
% ? unused ISSN ("0009-2665, 1520-6890")
% ? unused Library catalog ("DOI.org (Crossref)")

@article{bausch2020,
  author       = {Bausch, Johannes},
  date         = {2020},
  journaltitle = {Advances in neural information processing systems},
  pages        = {1368--1379},
  title        = {Recurrent Quantum Neural Networks},
  volume       = {33},
}
% == BibLateX quality report for bausch2020:
% ? unused Library catalog ("Google Scholar")

@article{benedetti2019,
  author       = {Benedetti, Marcello and Lloyd, Erika and Sack, Stefan and Fiorentini, Mattia},
  date         = {2019},
  doi          = {10.1088/2058-9565/ab4eb5},
  journaltitle = {Quantum Science and Technology},
  number       = {4},
  pages        = {043001},
  shortjournal = {Quantum Sci. Technol.},
  title        = {Parameterized Quantum Circuits as Machine Learning Models},
  url          = {https://iopscience.iop.org/article/10.1088/2058-9565/ab4eb5},
  volume       = {4},
}
% == BibLateX quality report for benedetti2019:
% ? unused ISSN ("2058-9565")
% ? unused Library catalog ("DOI.org (Crossref)")

@article{besson2018,
  author    = {Besson, Lilian and Kaufmann, Emilie},
  date      = {2018},
  doi       = {10.48550/ARXIV.1803.06971},
  publisher = {{arXiv}},
  title     = {What {{Doubling Tricks Can}} and {{Can}}'t {{Do}} for {{Multi-Armed Bandits}}},
  url       = {https://arxiv.org/abs/1803.06971},
  version   = {1},
}
% == BibLateX quality report for besson2018:
% Unexpected field 'publisher'
% Missing required field 'journaltitle'
% ? Title looks like it was stored in title-case in Zotero
% ? unused Library catalog ("DOI.org (Datacite)")

@article{bharti2022,
  author       = {Bharti, Kishor and Cervera-Lierta, Alba and Kyaw, Thi Ha and Haug, Tobias and Alperin-Lea, Sumner and Anand, Abhinav and Degroote, Matthias and Heimonen, Hermanni and Kottmann, Jakob S. and Menke, Tim and Mok, Wai-Keong and Sim, Sukin and Kwek, Leong-Chuan and Aspuru-Guzik, Alán},
  date         = {2022},
  doi          = {10.1103/RevModPhys.94.015004},
  journaltitle = {Reviews of Modern Physics},
  langid       = {english},
  number       = {1},
  pages        = {015004},
  shortjournal = {Rev. Mod. Phys.},
  title        = {Noisy Intermediate-Scale Quantum Algorithms},
  url          = {https://link.aps.org/doi/10.1103/RevModPhys.94.015004},
  volume       = {94},
}
% == BibLateX quality report for bharti2022:
% ? unused ISSN ("0034-6861, 1539-0756")
% ? unused Library catalog ("DOI.org (Crossref)")

@inproceedings{bouneffouf2020,
  author     = {Bouneffouf, Djallel and Rish, Irina and Aggarwal, Charu},
  booktitle  = {2020 {{IEEE Congress}} on {{Evolutionary Computation}} ({{CEC}})},
  date       = {2020},
  doi        = {10.1109/CEC48606.2020.9185782},
  eventtitle = {2020 {{IEEE Congress}} on {{Evolutionary Computation}} ({{CEC}})},
  isbn       = {978-1-72816-929-3},
  location   = {{Glasgow, United Kingdom}},
  pages      = {1--8},
  publisher  = {{IEEE}},
  title      = {Survey on {{Applications}} of {{Multi-Armed}} and {{Contextual Bandits}}},
  url        = {https://ieeexplore.ieee.org/document/9185782/},
}
% == BibLateX quality report for bouneffouf2020:
% ? Unsure about the formatting of the booktitle
% ? Title looks like it was stored in title-case in Zotero
% ? unused Library catalog ("DOI.org (Crossref)")

@article{brahmachari2023,
  author    = {Brahmachari, Shrigyan and Lumbreras, Josep and Tomamichel, Marco},
  date      = {2023},
  doi       = {10.48550/ARXIV.2301.13524},
  publisher = {{arXiv}},
  title     = {Quantum Contextual Bandits and Recommender Systems for Quantum Data},
  url       = {https://arxiv.org/abs/2301.13524},
  version   = {1},
}
% == BibLateX quality report for brahmachari2023:
% Unexpected field 'publisher'
% Missing required field 'journaltitle'
% ? unused Library catalog ("DOI.org (Datacite)")

@incollection{brassard2002,
  author    = {Brassard, Gilles and Høyer, Peter and Mosca, Michele and Tapp, Alain},
  booktitle = {Contemporary {{Mathematics}}},
  date      = {2002},
  doi       = {10.1090/conm/305/05215},
  editor    = {Lomonaco, Samuel J. and Brandt, Howard E.},
  isbn      = {978-0-8218-2140-4 978-0-8218-7895-8},
  langid    = {english},
  location  = {{Providence, Rhode Island}},
  pages     = {53--74},
  publisher = {{American Mathematical Society}},
  title     = {Quantum Amplitude Amplification and Estimation},
  url       = {http://www.ams.org/conm/305/},
  volume    = {305},
}
% == BibLateX quality report for brassard2002:
% 'isbn': not a valid ISBN
% ? unused Library catalog ("DOI.org (Crossref)")

@article{bubeck2012,
  author       = {Bubeck, Sébastien},
  date         = {2012},
  doi          = {10.1561/2200000024},
  journaltitle = {Foundations and Trends® in Machine Learning},
  langid       = {english},
  number       = {1},
  pages        = {1--122},
  shortjournal = {FNT in Machine Learning},
  title        = {Regret {{Analysis}} of {{Stochastic}} and {{Nonstochastic Multi-armed Bandit Problems}}},
  url          = {http://www.nowpublishers.com/article/Details/MAL-024},
  volume       = {5},
}
% == BibLateX quality report for bubeck2012a:
% ? unused ISSN ("1935-8237, 1935-8245")
% ? unused Library catalog ("DOI.org (Crossref)")

@unpublished{cao2017,
  archiveprefix = {arXiv},
  author        = {Cao, Yudong and Guerreschi, Gian Giacomo and Aspuru-Guzik, Alán},
  date          = {2017},
  doi           = {10.48550/ARXIV.1711.11240},
  eprint        = {1711.11240},
  eprinttype    = {arxiv},
  primaryclass  = {quant-ph},
  publisher     = {{arXiv}},
  shorttitle    = {Quantum {{Neuron}}},
  title         = {Quantum {{Neuron}}: An Elementary Building Block for Machine Learning on Quantum Computers},
  url           = {https://arxiv.org/abs/1711.11240},
  version       = {1},
}
% == BibLateX quality report for cao2017:
% Unexpected field 'primaryclass'
% Unexpected field 'publisher'
% Unexpected field 'archiveprefix'
% Unexpected field 'version'
% ? unused Library catalog ("DOI.org (Datacite)")

@article{casale2020,
  author       = {Casalé, Balthazar and Di Molfetta, Giuseppe and Kadri, Hachem and Ralaivola, Liva},
  date         = {2020},
  doi          = {10.1007/s42484-020-00024-8},
  journaltitle = {Quantum Machine Intelligence},
  langid       = {english},
  number       = {1},
  pages        = {11},
  shortjournal = {Quantum Mach. Intell.},
  title        = {Quantum Bandits},
  url          = {https://link.springer.com/10.1007/s42484-020-00024-8},
  volume       = {2},
}
% == BibLateX quality report for casale2020:
% ? unused ISSN ("2524-4906, 2524-4914")
% ? unused Library catalog ("DOI.org (Crossref)")

@article{ceperley1986,
  author       = {Ceperley, David and Alder, Berni},
  date         = {1986},
  doi          = {10.1126/science.231.4738.555},
  journaltitle = {Science},
  langid       = {english},
  number       = {4738},
  pages        = {555--560},
  shortjournal = {Science},
  title        = {Quantum {{Monte Carlo}}},
  url          = {https://www.science.org/doi/10.1126/science.231.4738.555},
  volume       = {231},
}
% == BibLateX quality report for ceperley1986:
% ? Title looks like it was stored in title-case in Zotero
% ? unused ISSN ("0036-8075, 1095-9203")
% ? unused Library catalog ("DOI.org (Crossref)")

@article{cerezo2021,
  author       = {Cerezo, Marco and Arrasmith, Andrew and Babbush, Ryan and Benjamin, Simon C. and Endo, Suguru and Fujii, Keisuke and McClean, Jarrod R. and Mitarai, Kosuke and Yuan, Xiao and Cincio, Lukasz and Coles, Patrick J.},
  date         = {2021},
  doi          = {10.1038/s42254-021-00348-9},
  journaltitle = {Nature Reviews Physics},
  langid       = {english},
  number       = {9},
  pages        = {625--644},
  shortjournal = {Nat Rev Phys},
  title        = {Variational Quantum Algorithms},
  url          = {https://www.nature.com/articles/s42254-021-00348-9},
  volume       = {3},
}
% == BibLateX quality report for cerezo2021:
% ? unused ISSN ("2522-5820")
% ? unused Library catalog ("DOI.org (Crossref)")

@article{cerezo2021a,
  author       = {Cerezo, Marco and Sone, Akira and Volkoff, Tyler and Cincio, Lukasz and Coles, Patrick J.},
  date         = {2021},
  doi          = {10.1038/s41467-021-21728-w},
  issue        = {1},
  journaltitle = {Nature Communications},
  langid       = {english},
  number       = {1},
  pages        = {1791},
  publisher    = {{Nature Publishing Group}},
  shortjournal = {Nat Commun},
  title        = {Cost Function Dependent Barren Plateaus in Shallow Parametrized Quantum Circuits},
  url          = {https://www.nature.com/articles/s41467-021-21728-w},
  volume       = {12},
}
% == BibLateX quality report for cerezo2021a:
% Unexpected field 'publisher'
% ? unused ISSN ("2041-1723")
% ? unused Library catalog ("www.nature.com")

@article{cerezo2022,
  author       = {Cerezo, Marco and Verdon, Guillaume and Huang, Hsin-Yuan and Cincio, Lukasz and Coles, Patrick J.},
  date         = {2022},
  doi          = {10.1038/s43588-022-00311-3},
  journaltitle = {Nature Computational Science},
  langid       = {english},
  shortjournal = {Nat Comput Sci},
  title        = {Challenges and Opportunities in Quantum Machine Learning},
  url          = {https://www.nature.com/articles/s43588-022-00311-3},
}
% == BibLateX quality report for cerezo2022:
% ? unused ISSN ("2662-8457")
% ? unused Library catalog ("DOI.org (Crossref)")

@article{chen2020,
  author       = {Chen, Samuel Yen-Chi and Yang, Chao-Han Huck and Qi, Jun and Chen, Pin-Yu and Ma, Xiaoli and Goan, Hsi-Sheng},
  date         = {2020},
  doi          = {10.1109/ACCESS.2020.3010470},
  eventtitle   = {{{IEEE Access}}},
  journaltitle = {IEEE Access},
  pages        = {141007--141024},
  title        = {Variational {{Quantum Circuits}} for {{Deep Reinforcement Learning}}},
  volume       = {8},
}
% == BibLateX quality report for chen2020:
% Unexpected field 'eventtitle'
% ? Title looks like it was stored in title-case in Zotero
% ? unused ISSN ("2169-3536")
% ? unused Library catalog ("IEEE Xplore")

@article{ciliberto2018,
  author       = {Ciliberto, Carlo and Herbster, Mark and Ialongo, Alessandro Davide and Pontil, Massimiliano and Rocchetto, Andrea and Severini, Simone and Wossnig, Leonard},
  date         = {2018},
  doi          = {10.1098/rspa.2017.0551},
  journaltitle = {Proceedings of the Royal Society A: Mathematical, Physical and Engineering Sciences},
  langid       = {english},
  number       = {2209},
  pages        = {20170551},
  shortjournal = {Proc. R. Soc. A.},
  shorttitle   = {Quantum Machine Learning},
  title        = {Quantum Machine Learning: A Classical Perspective},
  url          = {https://royalsocietypublishing.org/doi/10.1098/rspa.2017.0551},
  volume       = {474},
}
% == BibLateX quality report for ciliberto2018:
% ? unused ISSN ("1364-5021, 1471-2946")
% ? unused Library catalog ("DOI.org (Crossref)")

@article{cong2019,
  author       = {Cong, Iris and Choi, Soonwon and Lukin, Mikhail D.},
  date         = {2019},
  doi          = {10.1038/s41567-019-0648-8},
  journaltitle = {Nature Physics},
  langid       = {english},
  number       = {12},
  pages        = {1273--1278},
  shortjournal = {Nat. Phys.},
  title        = {Quantum Convolutional Neural Networks},
  url          = {http://www.nature.com/articles/s41567-019-0648-8},
  volume       = {15},
}
% == BibLateX quality report for cong2019:
% ? unused ISSN ("1745-2473, 1745-2481")
% ? unused Library catalog ("DOI.org (Crossref)")

@article{dagum2000,
  author       = {Dagum, Paul and Karp, Richard and Luby, Michael and Ross, Sheldon},
  date         = {2000},
  doi          = {10.1137/S0097539797315306},
  journaltitle = {SIAM Journal on Computing},
  langid       = {english},
  number       = {5},
  pages        = {1484--1496},
  shortjournal = {SIAM J. Comput.},
  title        = {An {{Optimal Algorithm}} for {{Monte Carlo Estimation}}},
  url          = {https://epubs.siam.org/doi/10.1137/S0097539797315306},
  volume       = {29},
}
% == BibLateX quality report for dagum2000:
% ? Title looks like it was stored in title-case in Zotero
% ? unused ISSN ("0097-5397, 1095-7111")
% ? unused Library catalog ("DOI.org (Crossref)")

@unpublished{daulton2019,
  author     = {Daulton, Sam},
  date       = {2019},
  eventtitle = {Machine {{Learning Platform}}},
  title      = {Facebook Talk at the {{Netflix ML Platform Meetup}} ({{Part}} 3)},
  url        = {https://youtu.be/A-JJvYaBPUU},
  venue      = {{Los Gatos}},
}

@unpublished{dervovic2018,
  archiveprefix = {arXiv},
  author        = {Dervovic, Danial and Herbster, Mark and Mountney, Peter and Severini, Simone and Usher, Naïri and Wossnig, Leonard},
  date          = {2018},
  doi           = {10.48550/ARXIV.1802.08227},
  eprint        = {1802.08227},
  eprinttype    = {arxiv},
  primaryclass  = {quant-ph},
  publisher     = {{arXiv}},
  shorttitle    = {Quantum Linear Systems Algorithms},
  title         = {Quantum Linear Systems Algorithms: A Primer},
  url           = {https://arxiv.org/abs/1802.08227},
  version       = {1},
}
% == BibLateX quality report for dervovic2018:
% Unexpected field 'primaryclass'
% Unexpected field 'publisher'
% Unexpected field 'archiveprefix'
% Unexpected field 'version'
% ? unused Library catalog ("DOI.org (Datacite)")

@inproceedings{dunjko2017,
  author     = {Dunjko, Vedran and Taylor, Jacob M. and Briegel, Hans J.},
  booktitle  = {2017 {{IEEE International Conference}} on {{Systems}}, {{Man}}, and {{Cybernetics}} ({{SMC}})},
  date       = {2017},
  doi        = {10.1109/SMC.2017.8122616},
  eventtitle = {2017 {{IEEE International Conference}} on {{Systems}}, {{Man}}, and {{Cybernetics}} ({{SMC}})},
  pages      = {282--287},
  title      = {Advances in Quantum Reinforcement Learning},
}
% == BibLateX quality report for dunjko2017:
% ? Unsure about the formatting of the booktitle
% ? unused Library catalog ("IEEE Xplore")

@article{endo2021,
  author       = {Endo, Suguru and Cai, Zhenyu and Benjamin, Simon C. and Yuan, Xiao},
  date         = {2021},
  doi          = {10.7566/JPSJ.90.032001},
  journaltitle = {Journal of the Physical Society of Japan},
  langid       = {english},
  number       = {3},
  pages        = {032001},
  shortjournal = {J. Phys. Soc. Jpn.},
  title        = {Hybrid {{Quantum-Classical Algorithms}} and {{Quantum Error Mitigation}}},
  url          = {https://journals.jps.jp/doi/10.7566/JPSJ.90.032001},
  volume       = {90},
}
% == BibLateX quality report for endo2021:
% ? Title looks like it was stored in title-case in Zotero
% ? unused ISSN ("0031-9015, 1347-4073")
% ? unused Library catalog ("DOI.org (Crossref)")

@unpublished{farhi2018,
  archiveprefix = {arXiv},
  author        = {Farhi, Edward and Neven, Hartmut},
  date          = {2018},
  doi           = {10.48550/ARXIV.1802.06002},
  eprint        = {1802.06002},
  eprinttype    = {arxiv},
  primaryclass  = {quant-ph},
  publisher     = {{arXiv}},
  title         = {Classification with {{Quantum Neural Networks}} on {{Near Term Processors}}},
  url           = {https://arxiv.org/abs/1802.06002},
  version       = {2},
}
% == BibLateX quality report for farhi2018:
% Unexpected field 'primaryclass'
% Unexpected field 'publisher'
% Unexpected field 'archiveprefix'
% Unexpected field 'version'
% ? Title looks like it was stored in title-case in Zotero
% ? unused Library catalog ("DOI.org (Datacite)")

@article{felser2021,
  author       = {Felser, Timo and Trenti, Marco and Sestini, Lorenzo and Gianelle, Alessio and Zuliani, Davide and Lucchesi, Donatella and Montangero, Simone},
  date         = {2021},
  doi          = {10.1038/s41534-021-00443-w},
  journaltitle = {npj Quantum Information},
  langid       = {english},
  number       = {1},
  pages        = {111},
  shortjournal = {npj Quantum Inf},
  title        = {Quantum-Inspired Machine Learning on High-Energy Physics Data},
  url          = {http://www.nature.com/articles/s41534-021-00443-w},
  volume       = {7},
}
% == BibLateX quality report for felser2021:
% ? unused ISSN ("2056-6387")
% ? unused Library catalog ("DOI.org (Crossref)")

@article{feynman1982,
  author       = {Feynman, Richard P.},
  date         = {1982},
  doi          = {10.1007/BF02650179},
  journaltitle = {International Journal of Theoretical Physics},
  langid       = {english},
  number       = {6-7},
  pages        = {467--488},
  shortjournal = {Int J Theor Phys},
  title        = {Simulating Physics with Computers},
  url          = {http://link.springer.com/10.1007/BF02650179},
  volume       = {21},
}
% == BibLateX quality report for feynman1982:
% ? unused ISSN ("0020-7748, 1572-9575")
% ? unused Library catalog ("DOI.org (Crossref)")

@article{fisher1936,
  annotation   = {\_eprint: https://onlinelibrary.wiley.com/doi/pdf/10.1111/j.1469-1809.1936.tb02137.x},
  author       = {Fisher, Ronald A.},
  date         = {1936},
  doi          = {10.1111/j.1469-1809.1936.tb02137.x},
  journaltitle = {Annals of Eugenics},
  langid       = {english},
  number       = {2},
  pages        = {179--188},
  title        = {The {{Use}} of {{Multiple Measurements}} in {{Taxonomic Problems}}},
  url          = {https://onlinelibrary.wiley.com/doi/abs/10.1111/j.1469-1809.1936.tb02137.x},
  volume       = {7},
}
% == BibLateX quality report for fisher1936:
% ? Title looks like it was stored in title-case in Zotero
% ? unused ISSN ("2050-1439")
% ? unused Library catalog ("Wiley Online Library")

@article{gao2018,
  author       = {Gao, Xun and Zhang, Z.-Y. and Duan, Luming},
  date         = {2018},
  doi          = {10.1126/sciadv.aat9004},
  journaltitle = {Science Advances},
  langid       = {english},
  number       = {12},
  pages        = {eaat9004},
  shortjournal = {Sci. Adv.},
  title        = {A Quantum Machine Learning Algorithm Based on Generative Models},
  url          = {https://www.science.org/doi/10.1126/sciadv.aat9004},
  volume       = {4},
}
% == BibLateX quality report for gao2018:
% ? unused ISSN ("2375-2548")
% ? unused Library catalog ("DOI.org (Crossref)")

@misc{garcia2022,
  archiveprefix = {arXiv},
  author        = {García, David Peral and Cruz-Benito, Juan and García-Peñalvo, Francisco José},
  date          = {2022},
  doi           = {10.48550/arXiv.2201.04093},
  eprint        = {2201.04093},
  eprinttype    = {arxiv},
  number        = {arXiv:2201.04093},
  primaryclass  = {quant-ph},
  publisher     = {{arXiv}},
  shorttitle    = {Systematic {{Literature Review}}},
  title         = {Systematic {{Literature Review}}: {{Quantum Machine Learning}} and Its Applications},
  url           = {http://arxiv.org/abs/2201.04093},
}
% == BibLateX quality report for garcia2022:
% Unexpected field 'number'
% Unexpected field 'primaryclass'
% Unexpected field 'publisher'
% Unexpected field 'archiveprefix'

@article{gidney2021,
  author       = {Gidney, Craig and Ekerå, Martin},
  date         = {2021},
  doi          = {10.22331/q-2021-04-15-433},
  journaltitle = {Quantum},
  langid       = {english},
  pages        = {433},
  shortjournal = {Quantum},
  title        = {How to Factor 2048 Bit {{RSA}} Integers in 8 Hours Using 20 Million Noisy Qubits},
  url          = {https://quantum-journal.org/papers/q-2021-04-15-433/},
  volume       = {5},
}
% == BibLateX quality report for gidney2021:
% ? unused ISSN ("2521-327X")
% ? unused Library catalog ("DOI.org (Crossref)")

@article{grinko2021,
  archiveprefix = {arXiv},
  author        = {Grinko, Dmitry and Gacon, Julien and Zoufal, Christa and Woerner, Stefan},
  date          = {2021},
  doi           = {10.1038/s41534-021-00379-1},
  eprint        = {1912.05559},
  eprinttype    = {arxiv},
  journaltitle  = {npj Quantum Information},
  number        = {1},
  pages         = {52},
  primaryclass  = {quant-ph},
  shortjournal  = {npj Quantum Inf},
  title         = {Iterative {{Quantum Amplitude Estimation}}},
  url           = {http://arxiv.org/abs/1912.05559},
  volume        = {7},
}
% == BibLateX quality report for grinko2021:
% Unexpected field 'primaryclass'
% Unexpected field 'archiveprefix'
% ? Title looks like it was stored in title-case in Zotero
% ? unused ISSN ("2056-6387")

@inproceedings{grover1996,
  author    = {Grover, Lov K.},
  booktitle = {Proceedings of the Twenty-Eighth Annual {{ACM}} Symposium on {{Theory}} of {{Computing}}},
  date      = {1996},
  doi       = {10.1145/237814.237866},
  isbn      = {978-0-89791-785-8},
  langid    = {english},
  location  = {{Philadelphia, Pennsylvania, United States of America}},
  pages     = {212--219},
  publisher = {{ACM Press}},
  title     = {A Fast Quantum Mechanical Algorithm for Database Search},
  url       = {http://portal.acm.org/citation.cfm?doid=237814.237866},
}
% == BibLateX quality report for grover1996:
% ? Unsure about the formatting of the booktitle
% ? unused Library catalog ("DOI.org (Crossref)")

@book{gubernatis2016,
  author     = {Gubernatis, J. E. and Kawashima, N. and Werner, P.},
  date       = {2016},
  isbn       = {978-1-107-00642-3},
  location   = {{Cambridge}},
  pagetotal  = {488},
  publisher  = {{Cambridge University Press}},
  shorttitle = {Quantum {{Monte Carlo}} Methods},
  title      = {Quantum {{Monte Carlo}} Methods: Algorithms for Lattice Models},
}
% == BibLateX quality report for gubernatis2016:
% ? unused Call number ("QC174.85.M64 G83 2016")
% ? unused Library catalog ("Library of Congress ISBN")

@article{gym,
  author    = {Brockman, Greg and Cheung, Vicki and Pettersson, Ludwig and Schneider, Jonas and Schulman, John and Tang, Jie and Zaremba, Wojciech},
  date      = {2016},
  doi       = {10.48550/ARXIV.1606.01540},
  publisher = {{arXiv}},
  title     = {{{OpenAI Gym}}},
  url       = {https://arxiv.org/abs/1606.01540},
  version   = {1},
}
% == BibLateX quality report for gym:
% Unexpected field 'publisher'
% Missing required field 'journaltitle'
% ? Title looks like it was stored in title-case in Zotero
% ? unused Library catalog ("DOI.org (Datacite)")

@misc{hafner2023,
  archiveprefix = {arXiv},
  author        = {Hafner, Danijar and Pasukonis, Jurgis and Ba, Jimmy and Lillicrap, Timothy},
  date          = {2023},
  eprint        = {2301.04104},
  eprinttype    = {arxiv},
  number        = {arXiv:2301.04104},
  primaryclass  = {cs, stat},
  publisher     = {{arXiv}},
  title         = {Mastering {{Diverse Domains}} through {{World Models}}},
  url           = {http://arxiv.org/abs/2301.04104},
  version       = {1},
}
% == BibLateX quality report for hafner2023:
% Unexpected field 'number'
% Unexpected field 'primaryclass'
% Unexpected field 'publisher'
% Unexpected field 'archiveprefix'
% ? Title looks like it was stored in title-case in Zotero

@article{hamann2022,
  author       = {Hamann, Arne and Wölk, Sabine},
  date         = {2022},
  doi          = {10.1088/1367-2630/ac5b56},
  journaltitle = {New Journal of Physics},
  number       = {3},
  pages        = {033044},
  shortjournal = {New J. Phys.},
  title        = {Performance Analysis of a Hybrid Agent for Quantum-Accessible Reinforcement Learning},
  url          = {https://iopscience.iop.org/article/10.1088/1367-2630/ac5b56},
  volume       = {24},
}
% == BibLateX quality report for hamann2022:
% ? unused ISSN ("1367-2630")
% ? unused Library catalog ("DOI.org (Crossref)")

@article{havlicek2019,
  archiveprefix = {arXiv},
  author        = {Havlicek, Vojtech and Córcoles, Antonio D. and Temme, Kristan and Harrow, Aram W. and Kandala, Abhinav and Chow, Jerry M. and Gambetta, Jay M.},
  date          = {2019},
  doi           = {10.1038/s41586-019-0980-2},
  eprint        = {1804.11326},
  eprinttype    = {arxiv},
  journaltitle  = {Nature},
  number        = {7747},
  pages         = {209--212},
  primaryclass  = {quant-ph, stat},
  shortjournal  = {Nature},
  title         = {Supervised Learning with Quantum Enhanced Feature Spaces},
  url           = {http://arxiv.org/abs/1804.11326},
  volume        = {567},
}
% == BibLateX quality report for havlicek2019:
% Unexpected field 'primaryclass'
% Unexpected field 'archiveprefix'
% ? unused ISSN ("0028-0836, 1476-4687")

@article{henderson2020,
  author       = {Henderson, Maxwell and Shakya, Samriddhi and Pradhan, Shashindra and Cook, Tristan},
  date         = {2020},
  doi          = {10.1007/s42484-020-00012-y},
  journaltitle = {Quantum Machine Intelligence},
  langid       = {english},
  number       = {1},
  pages        = {2},
  shortjournal = {Quantum Mach. Intell.},
  shorttitle   = {Quanvolutional Neural Networks},
  title        = {Quanvolutional Neural Networks: Powering Image Recognition with Quantum Circuits},
  url          = {http://link.springer.com/10.1007/s42484-020-00012-y},
  volume       = {2},
}
% == BibLateX quality report for henderson2020:
% ? unused ISSN ("2524-4906, 2524-4914")
% ? unused Library catalog ("DOI.org (Crossref)")

@inproceedings{hill2017,
  author     = {Hill, Daniel N. and Nassif, Houssam and Liu, Yi and Iyer, Anand and Vishwanathan, S.V.N.},
  booktitle  = {Proceedings of the 23rd {{ACM SIGKDD International Conference}} on {{Knowledge Discovery}} and {{Data Mining}}},
  date       = {2017},
  doi        = {10.1145/3097983.3098184},
  eventtitle = {{{KDD}} '17: {{The}} 23rd {{ACM SIGKDD International Conference}} on {{Knowledge Discovery}} and {{Data Mining}}},
  isbn       = {978-1-4503-4887-4},
  langid     = {english},
  location   = {{Halifax NS Canada}},
  pages      = {1813--1821},
  publisher  = {{ACM}},
  title      = {An {{Efficient Bandit Algorithm}} for {{Realtime Multivariate Optimization}}},
  url        = {https://dl.acm.org/doi/10.1145/3097983.3098184},
}
% == BibLateX quality report for hill2017:
% ? Title looks like it was stored in title-case in Zotero
% ? unused Library catalog ("DOI.org (Crossref)")

@inproceedings{honda2014,
  archiveprefix = {arXiv},
  author        = {Honda, Junya and Takemura, Akimichi},
  booktitle     = {Proceedings of the {{Seventeenth International Conference}} on {{Artificial Intelligence}} and {{Statistics}}},
  date          = {2014},
  eprint        = {1311.1894},
  eprinttype    = {arxiv},
  location      = {{Reykjavik, Iceland\vphantom\{\}}},
  pages         = {375--383},
  primaryclass  = {math, stat},
  publisher     = {{PMLR}},
  title         = {Optimality of {{Thompson Sampling}} for {{Gaussian Bandits Depends}} on {{Priors}}},
  url           = {http://proceedings.mlr.press/v33/honda14.pdf},
  volume        = {33},
}
% == BibLateX quality report for honda2014:
% Unexpected field 'primaryclass'
% Unexpected field 'archiveprefix'
% ? Title looks like it was stored in title-case in Zotero

@article{hu2019,
  author       = {Hu, Wei and Hu, James},
  date         = {2019},
  doi          = {10.4236/ns.2019.111003},
  journaltitle = {Natural Science},
  number       = {01},
  pages        = {17--27},
  shortjournal = {NS},
  title        = {Training a {{Quantum Neural Network}} to {{Solve}} the {{Contextual Multi-Armed Bandit Problem}}},
  url          = {http://www.scirp.org/journal/doi.aspx?DOI=10.4236/ns.2019.111003},
  volume       = {11},
}
% == BibLateX quality report for hu2019:
% ? Title looks like it was stored in title-case in Zotero
% ? unused ISSN ("2150-4091, 2150-4105")
% ? unused Library catalog ("DOI.org (Crossref)")

@article{huang2021,
  author       = {Huang, He-Liang and Du, Yuxuan and Gong, Ming and Zhao, Youwei and Wu, Yulin and Wang, Chaoyue and Li, Shaowei and Liang, Futian and Lin, Jin and Xu, Yu and Yang, Rui and Liu, Tongliang and Hsieh, Min-Hsiu and Deng, Hui and Rong, Hao and Peng, Cheng-Zhi and Lu, Chao-Yang and Chen, Yu-Ao and Tao, Dacheng and Zhu, Xiaobo and Pan, Jian-Wei},
  date         = {2021},
  doi          = {10.1103/PhysRevApplied.16.024051},
  journaltitle = {Physical Review Applied},
  langid       = {english},
  number       = {2},
  pages        = {024051},
  shortjournal = {Phys. Rev. Applied},
  title        = {Experimental {{Quantum Generative Adversarial Networks}} for {{Image Generation}}},
  url          = {https://link.aps.org/doi/10.1103/PhysRevApplied.16.024051},
  volume       = {16},
}
% == BibLateX quality report for huang2021:
% ? Title looks like it was stored in title-case in Zotero
% ? unused ISSN ("2331-7019")
% ? unused Library catalog ("DOI.org (Crossref)")

@article{huang2021a,
  author       = {Huang, Hsin-Yuan and Broughton, Michael and Mohseni, Masoud and Babbush, Ryan and Boixo, Sergio and Neven, Hartmut and McClean, Jarrod R.},
  date         = {2021},
  doi          = {10.1038/s41467-021-22539-9},
  issue        = {1},
  journaltitle = {Nature Communications},
  langid       = {english},
  number       = {1},
  pages        = {2631},
  publisher    = {{Nature Publishing Group}},
  shortjournal = {Nat Commun},
  title        = {Power of Data in Quantum Machine Learning},
  url          = {https://www.nature.com/articles/s41467-021-22539-9},
  volume       = {12},
}
% == BibLateX quality report for huang2021a:
% Unexpected field 'publisher'
% ? unused ISSN ("2041-1723")
% ? unused Library catalog ("www.nature.com")

@article{huembeli2021,
  author       = {Huembeli, Patrick and Dauphin, Alexandre},
  date         = {2021},
  doi          = {10.1088/2058-9565/abdbc9},
  journaltitle = {Quantum Science and Technology},
  langid       = {english},
  number       = {2},
  pages        = {025011},
  publisher    = {{IOP Publishing}},
  shortjournal = {Quantum Sci. Technol.},
  title        = {Characterizing the Loss Landscape of Variational Quantum Circuits},
  url          = {https://dx.doi.org/10.1088/2058-9565/abdbc9},
  volume       = {6},
}
% == BibLateX quality report for huembeli2021:
% Unexpected field 'publisher'
% ? unused ISSN ("2058-9565")
% ? unused Library catalog ("Institute of Physics")

@article{jerbi2021,
  author       = {Jerbi, Sofiene and Trenkwalder, Lea M. and Poulsen Nautrup, Hendrik and Briegel, Hans J. and Dunjko, Vedran},
  date         = {2021},
  doi          = {10.1103/PRXQuantum.2.010328},
  journaltitle = {PRX Quantum},
  number       = {1},
  pages        = {010328},
  publisher    = {{American Physical Society}},
  shortjournal = {PRX Quantum},
  title        = {Quantum {{Enhancements}} for {{Deep Reinforcement Learning}} in {{Large Spaces}}},
  url          = {https://link.aps.org/doi/10.1103/PRXQuantum.2.010328},
  volume       = {2},
}
% == BibLateX quality report for jerbi2021:
% Unexpected field 'publisher'
% ? Title looks like it was stored in title-case in Zotero
% ? unused Library catalog ("APS")

@misc{jerbi2021a,
  archiveprefix = {arXiv},
  author        = {Jerbi, Sofiene and Gyurik, Casper and Marshall, Simon C. and Briegel, Hans J. and Dunjko, Vedran},
  date          = {2021},
  eprint        = {2103.05577},
  eprinttype    = {arxiv},
  number        = {arXiv:2103.05577},
  primaryclass  = {quant-ph, stat},
  publisher     = {{arXiv}},
  title         = {Parametrized Quantum Policies for Reinforcement Learning},
  url           = {http://arxiv.org/abs/2103.05577},
}
% == BibLateX quality report for jerbi2021a:
% Unexpected field 'number'
% Unexpected field 'primaryclass'
% Unexpected field 'publisher'
% Unexpected field 'archiveprefix'

@article{jin2020,
  author     = {Jin, Tianyuan and Xu, Pan and Shi, Jieming and Xiao, Xiaokui and Gu, Quanquan},
  date       = {2020},
  doi        = {10.48550/ARXIV.2003.01803},
  publisher  = {{arXiv}},
  shorttitle = {{{MOTS}}},
  title      = {{{MOTS}}: {{Minimax Optimal Thompson Sampling}}},
  url        = {https://arxiv.org/abs/2003.01803},
  version    = {3},
}
% == BibLateX quality report for jin2020:
% Unexpected field 'publisher'
% Missing required field 'journaltitle'
% ? Title looks like it was stored in title-case in Zotero
% ? unused Library catalog ("DOI.org (Datacite)")

@article{kaufmann2012,
  author     = {Kaufmann, Emilie and Korda, Nathaniel and Munos, Rémi},
  date       = {2012},
  doi        = {10.48550/ARXIV.1205.4217},
  publisher  = {{arXiv}},
  shorttitle = {Thompson {{Sampling}}},
  title      = {Thompson {{Sampling}}: {{An Asymptotically Optimal Finite Time Analysis}}},
  url        = {https://arxiv.org/abs/1205.4217},
  version    = {2},
}
% == BibLateX quality report for kaufmann2012:
% Unexpected field 'publisher'
% Missing required field 'journaltitle'
% ? Title looks like it was stored in title-case in Zotero
% ? unused Library catalog ("DOI.org (Datacite)")

@unpublished{kawale2018,
  author     = {Kawale, Jaya and Chow, Elliot},
  date       = {2018},
  eventtitle = {Data {{Council}}},
  title      = {A {{Multi-Armed Bandit Framework}} for {{Recommendations}} at {{Netflix}}},
  url        = {https://www.datacouncil.ai/talks/a-multi-armed-bandit-framework-for-recommendations-at-netflix},
}
% == BibLateX quality report for kawale2018:
% ? Title looks like it was stored in title-case in Zotero

@article{killoran2019,
  author       = {Killoran, Nathan and Bromley, Thomas R. and Arrazola, Juan Miguel and Schuld, Maria and Quesada, Nicolás and Lloyd, Seth},
  date         = {2019},
  doi          = {10.1103/PhysRevResearch.1.033063},
  journaltitle = {Physical Review Research},
  langid       = {english},
  number       = {3},
  pages        = {033063},
  shortjournal = {Phys. Rev. Research},
  title        = {Continuous-Variable Quantum Neural Networks},
  url          = {https://link.aps.org/doi/10.1103/PhysRevResearch.1.033063},
  volume       = {1},
}
% == BibLateX quality report for killoran2019:
% ? unused ISSN ("2643-1564")
% ? unused Library catalog ("DOI.org (Crossref)")

@article{kuleshov2014a,
  author    = {Kuleshov, Volodymyr and Precup, Doina},
  date      = {2014},
  doi       = {10.48550/ARXIV.1402.6028},
  publisher = {{arXiv}},
  title     = {Algorithms for Multi-Armed Bandit Problems},
  url       = {https://arxiv.org/abs/1402.6028},
  version   = {1},
}
% == BibLateX quality report for kuleshov2014a:
% Unexpected field 'publisher'
% Missing required field 'journaltitle'
% ? unused Library catalog ("DOI.org (Datacite)")

@inproceedings{kwak2021,
  author     = {Kwak, Yunseok and Yun, Won Joon and Jung, Soyi and Kim, Jong-Kook and Kim, Joongheon},
  booktitle  = {2021 {{International Conference}} on {{Information}} and {{Communication Technology Convergence}} ({{ICTC}})},
  date       = {2021},
  doi        = {10.1109/ICTC52510.2021.9620885},
  eventtitle = {2021 {{International Conference}} on {{Information}} and {{Communication Technology Convergence}} ({{ICTC}})},
  pages      = {416--420},
  shorttitle = {Introduction to {{Quantum Reinforcement Learning}}},
  title      = {Introduction to {{Quantum Reinforcement Learning}}: {{Theory}} and {{PennyLane-based Implementation}}},
}
% == BibLateX quality report for kwak2021:
% ? Unsure about the formatting of the booktitle
% ? unused ISSN ("2162-1233")
% ? unused Library catalog ("IEEE Xplore")

@inproceedings{kwak2021a,
  author     = {Kwak, Yunseok and Yun, Won Joon and Jung, Soyi and Kim, Joongheon},
  booktitle  = {Twelfth {{International Conference}} on {{Ubiquitous}} and {{Future Networks}} ({{ICUFN}})},
  date       = {2021},
  doi        = {10.1109/ICUFN49451.2021.9528698},
  isbn       = {978-1-72816-476-2},
  location   = {{Jeju Island, Republic of Korea}},
  pages      = {413--416},
  publisher  = {{IEEE}},
  shorttitle = {Quantum {{Neural Networks}}},
  title      = {Quantum {{Neural Networks}}: {{Concepts}}, {{Applications}}, and {{Challenges}}},
  url        = {https://ieeexplore.ieee.org/document/9528698/},
}
% == BibLateX quality report for kwak2021a:
% ? Unsure about the formatting of the booktitle
% ? Title looks like it was stored in title-case in Zotero
% ? unused Library catalog ("DOI.org (Crossref)")

@article{lai1985,
  author       = {Lai, T.L and Robbins, Herbert},
  date         = {1985},
  doi          = {10.1016/0196-8858(85)90002-8},
  journaltitle = {Advances in Applied Mathematics},
  langid       = {english},
  number       = {1},
  pages        = {4--22},
  shortjournal = {Advances in Applied Mathematics},
  title        = {Asymptotically Efficient Adaptive Allocation Rules},
  url          = {https://linkinghub.elsevier.com/retrieve/pii/0196885885900028},
  volume       = {6},
}
% == BibLateX quality report for lai1985:
% ? unused ISSN ("01968858")
% ? unused Library catalog ("DOI.org (Crossref)")

@misc{lan2021,
  archiveprefix = {arXiv},
  author        = {Lan, Qingfeng},
  date          = {2021},
  doi           = {10.48550/arXiv.2112.11921},
  eprint        = {2112.11921},
  eprinttype    = {arxiv},
  number        = {arXiv:2112.11921},
  primaryclass  = {quant-ph},
  publisher     = {{arXiv}},
  title         = {Variational {{Quantum Soft Actor-Critic}}},
  url           = {http://arxiv.org/abs/2112.11921},
}
% == BibLateX quality report for lan2021:
% Unexpected field 'number'
% Unexpected field 'primaryclass'
% Unexpected field 'publisher'
% Unexpected field 'archiveprefix'
% ? Title looks like it was stored in title-case in Zotero

@misc{laskin2022,
  archiveprefix = {arXiv},
  author        = {Laskin, Michael and Wang, Luyu and Oh, Junhyuk and Parisotto, Emilio and Spencer, Stephen and Steigerwald, Richie and Strouse, D. J. and Hansen, Steven and Filos, Angelos and Brooks, Ethan and Gazeau, Maxime and Sahni, Himanshu and Singh, Satinder and Mnih, Volodymyr},
  date          = {2022},
  doi           = {10.48550/arXiv.2210.14215},
  eprint        = {2210.14215},
  eprinttype    = {arxiv},
  number        = {arXiv:2210.14215},
  primaryclass  = {cs},
  publisher     = {{arXiv}},
  title         = {In-Context {{Reinforcement Learning}} with {{Algorithm Distillation}}},
  url           = {http://arxiv.org/abs/2210.14215},
}
% == BibLateX quality report for laskin2022:
% Unexpected field 'number'
% Unexpected field 'primaryclass'
% Unexpected field 'publisher'
% Unexpected field 'archiveprefix'

@book{lattimore2020,
  author    = {Lattimore, Tor and Szepesvári, Csaba},
  date      = {2020},
  doi       = {10.1017/9781108571401},
  edition   = {1},
  isbn      = {978-1-108-57140-1 978-1-108-48682-8},
  publisher = {{Cambridge University Press}},
  title     = {Bandit {{Algorithms}}},
  url       = {https://www.cambridge.org/core/product/identifier/9781108571401/type/book},
}
% == BibLateX quality report for lattimore2020:
% 'isbn': not a valid ISBN
% ? Title looks like it was stored in title-case in Zotero
% ? unused Library catalog ("DOI.org (Crossref)")

@inproceedings{lattimore2021,
  author    = {Lattimore, Tor and Hao, Botao},
  booktitle = {Advances in {{Neural Information Processing Systems}}},
  date      = {2021},
  pages     = {18801--18811},
  publisher = {{Curran Associates, Inc.}},
  title     = {Bandit {{Phase Retrieval}}},
  url       = {https://proceedings.neurips.cc/paper/2021/hash/9c36b930df0e0e8b05d4e1fcb4cdef27-Abstract.html},
  volume    = {34},
}
% == BibLateX quality report for lattimore2021:
% ? Unsure about the formatting of the booktitle
% ? Title looks like it was stored in title-case in Zotero
% ? unused Library catalog ("Neural Information Processing Systems")

@article{liu2018,
  archiveprefix = {arXiv},
  author        = {Liu, Nana and Rebentrost, Patrick},
  date          = {2018},
  doi           = {10.1103/PhysRevA.97.042315},
  eprint        = {1710.07405},
  eprinttype    = {arxiv},
  journaltitle  = {Physical Review A},
  number        = {4},
  pages         = {042315},
  shortjournal  = {Phys. Rev. A},
  title         = {Quantum Machine Learning for Quantum Anomaly Detection},
  url           = {http://arxiv.org/abs/1710.07405},
  volume        = {97},
}
% == BibLateX quality report for liu2018:
% Unexpected field 'archiveprefix'
% ? unused ISSN ("2469-9926, 2469-9934")

@article{liu2021,
  author       = {Liu, Yunchao and Arunachalam, Srinivasan and Temme, Kristan},
  date         = {2021},
  doi          = {10.1038/s41567-021-01287-z},
  journaltitle = {Nature Physics},
  langid       = {english},
  number       = {9},
  pages        = {1013--1017},
  shortjournal = {Nat. Phys.},
  title        = {A Rigorous and Robust Quantum Speed-up in Supervised Machine Learning},
  url          = {https://www.nature.com/articles/s41567-021-01287-z},
  volume       = {17},
}
% == BibLateX quality report for liu2021:
% ? unused ISSN ("1745-2473, 1745-2481")
% ? unused Library catalog ("DOI.org (Crossref)")

@inproceedings{liu2022,
  author     = {Liu, Yi-Pei and Li, Kuo and Cao, Xi and Jia, Qing-Shan and Wang, Xu},
  booktitle  = {2022 41st {{Chinese Control Conference}} ({{CCC}})},
  date       = {2022},
  doi        = {10.23919/CCC55666.2022.9902595},
  eventtitle = {2022 41st {{Chinese Control Conference}} ({{CCC}})},
  pages      = {5675--5680},
  title      = {Quantum {{Reinforcement Learning}} for {{Multi-Armed Bandits}}},
}
% == BibLateX quality report for liu2022:
% ? Unsure about the formatting of the booktitle
% ? Title looks like it was stored in title-case in Zotero
% ? unused ISSN ("1934-1768")
% ? unused Library catalog ("IEEE Xplore")

@unpublished{lloyd2013,
  archiveprefix = {arXiv},
  author        = {Lloyd, Seth and Mohseni, Masoud and Rebentrost, Patrick},
  date          = {2013},
  eprint        = {1307.0411},
  eprinttype    = {arxiv},
  primaryclass  = {quant-ph},
  title         = {Quantum Algorithms for Supervised and Unsupervised Machine Learning},
  url           = {http://arxiv.org/abs/1307.0411},
}
% == BibLateX quality report for lloyd2013:
% Unexpected field 'primaryclass'
% Unexpected field 'archiveprefix'

@article{lumbreras2022,
  author       = {Lumbreras, Josep and Haapasalo, Erkka and Tomamichel, Marco},
  date         = {2022},
  doi          = {10.22331/q-2022-06-29-749},
  journaltitle = {Quantum},
  langid       = {english},
  pages        = {749},
  shortjournal = {Quantum},
  shorttitle   = {Multi-Armed Quantum Bandits},
  title        = {Multi-Armed Quantum Bandits: {{Exploration}} versus Exploitation When Learning Properties of Quantum States},
  url          = {https://quantum-journal.org/papers/q-2022-06-29-749/},
  volume       = {6},
}
% == BibLateX quality report for lumbreras2022:
% ? unused ISSN ("2521-327X")
% ? unused Library catalog ("DOI.org (Crossref)")

@article{madsen2022,
  author       = {Madsen, Lars S. and Laudenbach, Fabian and Askarani, Mohsen Falamarzi and Rortais, Fabien and Vincent, Trevor and Bulmer, Jacob F. F. and Miatto, Filippo M. and Neuhaus, Leonhard and Helt, Lukas G. and Collins, Matthew J. and Lita, Adriana E. and Gerrits, Thomas and Nam, Sae Woo and Vaidya, Varun D. and Menotti, Matteo and Dhand, Ish and Vernon, Zachary and Quesada, Nicolás and Lavoie, Jonathan},
  date         = {2022},
  doi          = {10.1038/s41586-022-04725-x},
  issue        = {7912},
  journaltitle = {Nature},
  langid       = {english},
  number       = {7912},
  pages        = {75--81},
  publisher    = {{Nature Publishing Group}},
  title        = {Quantum Computational Advantage with a Programmable Photonic Processor},
  url          = {https://www.nature.com/articles/s41586-022-04725-x},
  volume       = {606},
}
% == BibLateX quality report for madsen2022:
% Unexpected field 'publisher'
% ? unused ISSN ("1476-4687")
% ? unused Library catalog ("www.nature.com")

@article{maillard2011,
  author    = {Maillard, Odalric-Ambrym and Munos, Rémi and Stoltz, Gilles},
  date      = {2011},
  doi       = {10.48550/ARXIV.1105.5820},
  publisher = {{arXiv}},
  title     = {A {{Finite-Time Analysis}} of {{Multi-armed Bandits Problems}} with {{Kullback-Leibler Divergences}}},
  url       = {https://arxiv.org/abs/1105.5820},
  version   = {1},
}
% == BibLateX quality report for maillard2011:
% Unexpected field 'publisher'
% Missing required field 'journaltitle'
% ? unused Library catalog ("DOI.org (Datacite)")

@article{mcclean2018,
  archiveprefix = {arXiv},
  author        = {McClean, Jarrod R. and Boixo, Sergio and Smelyanskiy, Vadim N. and Babbush, Ryan and Neven, Hartmut},
  date          = {2018},
  doi           = {10.1038/s41467-018-07090-4},
  eprint        = {1803.11173},
  eprinttype    = {arxiv},
  journaltitle  = {Nature Communications},
  number        = {1},
  pages         = {4812},
  shortjournal  = {Nat Commun},
  title         = {Barren Plateaus in Quantum Neural Network Training Landscapes},
  url           = {http://arxiv.org/abs/1803.11173},
  volume        = {9},
}
% == BibLateX quality report for mcclean2018:
% Unexpected field 'archiveprefix'
% ? unused ISSN ("2041-1723")

@article{menard2017,
  author    = {Ménard, Pierre and Garivier, Aurélien},
  date      = {2017},
  doi       = {10.48550/ARXIV.1702.07211},
  publisher = {{arXiv}},
  title     = {A Minimax and Asymptotically Optimal Algorithm for Stochastic Bandits},
  url       = {https://arxiv.org/abs/1702.07211},
  version   = {2},
}
% == BibLateX quality report for menard2017:
% Unexpected field 'publisher'
% Missing required field 'journaltitle'
% ? unused Library catalog ("DOI.org (Datacite)")

@article{moll2018,
  author       = {Moll, Nikolaj and Barkoutsos, Panagiotis and Bishop, Lev S and Chow, Jerry M and Cross, Andrew and Egger, Daniel J and Filipp, Stefan and Fuhrer, Andreas and Gambetta, Jay M and Ganzhorn, Marc and Kandala, Abhinav and Mezzacapo, Antonio and Müller, Peter and Riess, Walter and Salis, Gian and Smolin, John and Tavernelli, Ivano and Temme, Kristan},
  date         = {2018},
  doi          = {10.1088/2058-9565/aab822},
  journaltitle = {Quantum Science and Technology},
  number       = {3},
  pages        = {030503},
  shortjournal = {Quantum Sci. Technol.},
  title        = {Quantum Optimization Using Variational Algorithms on Near-Term Quantum Devices},
  url          = {https://iopscience.iop.org/article/10.1088/2058-9565/aab822},
  volume       = {3},
}
% == BibLateX quality report for moll2018:
% ? unused ISSN ("2058-9565")
% ? unused Library catalog ("DOI.org (Crossref)")

@article{montanaro2015,
  author       = {Montanaro, Ashley},
  date         = {2015},
  doi          = {10.1098/rspa.2015.0301},
  journaltitle = {Proceedings of the Royal Society A: Mathematical, Physical and Engineering Sciences},
  langid       = {english},
  number       = {2181},
  pages        = {20150301},
  shortjournal = {Proc. R. Soc. A.},
  title        = {Quantum Speedup of {{Monte Carlo}} Methods},
  url          = {https://royalsocietypublishing.org/doi/10.1098/rspa.2015.0301},
  volume       = {471},
}
% == BibLateX quality report for montanaro2015:
% ? unused ISSN ("1364-5021, 1471-2946")
% ? unused Library catalog ("DOI.org (Crossref)")

@article{nakaji2020,
  author       = {Nakaji, Kouhei},
  date         = {2020},
  doi          = {10.26421/QIC20.13-14-2},
  journaltitle = {Quantum Information and Computation},
  pages        = {1109--1123},
  shortjournal = {Quantum Information and Computation},
  title        = {Faster Amplitude Estimation},
  volume       = {20},
}
% == BibLateX quality report for nakaji2020:
% ? unused Library catalog ("ResearchGate")

@article{nakkiran2021,
  author       = {Nakkiran, Preetum and Kaplun, Gal and Bansal, Yamini and Yang, Tristan and Barak, Boaz and Sutskever, Ilya},
  date         = {2021},
  doi          = {10.1088/1742-5468/ac3a74},
  journaltitle = {Journal of Statistical Mechanics: Theory and Experiment},
  number       = {12},
  pages        = {124003},
  shortjournal = {J. Stat. Mech.},
  shorttitle   = {Deep Double Descent},
  title        = {Deep Double Descent: Where Bigger Models and More Data Hurt},
  url          = {https://iopscience.iop.org/article/10.1088/1742-5468/ac3a74},
  volume       = {2021},
}
% == BibLateX quality report for nakkiran2021:
% ? unused ISSN ("1742-5468")
% ? unused Library catalog ("DOI.org (Crossref)")

@book{nielsen2012,
  author     = {Nielsen, Michael A. and Chuang, Isaac L.},
  date       = {2012},
  doi        = {10.1017/CBO9780511976667},
  edition    = {1},
  isbn       = {978-0-511-97666-7},
  publisher  = {{Cambridge University Press}},
  shorttitle = {Quantum {{Computation}} and {{Quantum Information}}},
  title      = {Quantum {{Computation}} and {{Quantum Information}}: 10th {{Anniversary Edition}}},
  url        = {https://www.cambridge.org/core/product/identifier/9780511976667/type/book},
}
% == BibLateX quality report for nielsen2012:
% ? Title looks like it was stored in title-case in Zotero
% ? unused Library catalog ("DOI.org (Crossref)")

@inproceedings{oh2020,
  author    = {Oh, Seunghyeok and Choi, Jaeho and Kim, Joongheon},
  booktitle = {International {{Conference}} on {{Information}} and {{Communication Technology Convergence}}},
  date      = {2020},
  doi       = {10.1109/ICTC49870.2020.9289439},
  isbn      = {978-1-72816-758-9},
  location  = {{Jeju Island, Republic of Korea}},
  pages     = {236--239},
  publisher = {{IEEE}},
  title     = {A {{Tutorial}} on {{Quantum Convolutional Neural Networks}} ({{QCNN}})},
  url       = {https://ieeexplore.ieee.org/document/9289439/},
}
% == BibLateX quality report for oh2020:
% ? Unsure about the formatting of the booktitle
% ? Title looks like it was stored in title-case in Zotero
% ? unused Library catalog ("DOI.org (Crossref)")

@unpublished{park2020,
  archiveprefix = {arXiv},
  author        = {Park, Jae-Eun and Quanz, Brian and Wood, Steve and Higgins, Heather and Harishankar, Ray},
  date          = {2020},
  eprint        = {2012.07725},
  eprinttype    = {arxiv},
  primaryclass  = {quant-ph},
  shorttitle    = {Practical Application Improvement to {{Quantum SVM}}},
  title         = {Practical Application Improvement to {{Quantum SVM}}: Theory to Practice},
  url           = {http://arxiv.org/abs/2012.07725},
}
% == BibLateX quality report for park2020:
% Unexpected field 'primaryclass'
% Unexpected field 'archiveprefix'

@inproceedings{pavlidis2008,
  author     = {Pavlidis, Nicos G. and Tasoulis, Dimitris K. and Hand, David J.},
  booktitle  = {Tenth {{International Conference}} on {{Computer Modeling}} and {{Simulation}} (Uksim 2008)},
  date       = {2008},
  doi        = {10.1109/UKSIM.2008.86},
  eventtitle = {Tenth {{International Conference}} on {{Computer Modeling}} and {{Simulation}} (Uksim 2008)},
  isbn       = {978-0-7695-3114-4},
  location   = {{Cambridge, UK}},
  pages      = {493--498},
  publisher  = {{IEEE}},
  title      = {Simulation {{Studies}} of {{Multi-armed Bandits}} with {{Covariates}} ({{Invited Paper}})},
  url        = {http://ieeexplore.ieee.org/document/4488981/},
}
% == BibLateX quality report for pavlidis2008:
% ? Unsure about the formatting of the booktitle
% ? unused Library catalog ("DOI.org (Crossref)")

@misc{pennylane,
  archiveprefix = {arXiv},
  author        = {Bergholm, Ville and Izaac, Josh and Schuld, Maria and Gogolin, Christian and Ahmed, Shahnawaz and Ajith, Vishnu and Alam, M. Sohaib and Alonso-Linaje, Guillermo and AkashNarayanan, B. and Asadi, Ali and Arrazola, Juan Miguel and Azad, Utkarsh and Banning, Sam and Blank, Carsten and Bromley, Thomas R. and Cordier, Benjamin A. and Ceroni, Jack and Delgado, Alain and Di Matteo, Olivia and Dusko, Amintor and Garg, Tanya and Guala, Diego and Hayes, Anthony and Hill, Ryan and Ijaz, Aroosa and Isacsson, Theodor and Ittah, David and Jahangiri, Soran and Jain, Prateek and Jiang, Edward and Khandelwal, Ankit and Kottmann, Korbinian and Lang, Robert A. and Lee, Christina and Loke, Thomas and Lowe, Angus and McKiernan, Keri and Meyer, Johannes Jakob and Montañez-Barrera, J. A. and Moyard, Romain and Niu, Zeyue and O'Riordan, Lee James and Oud, Steven and Panigrahi, Ashish and Park, Chae-Yeun and Polatajko, Daniel and Quesada, Nicolás and Roberts, Chase and Sá, Nahum and Schoch, Isidor and Shi, Borun and Shu, Shuli and Sim, Sukin and Singh, Arshpreet and Strandberg, Ingrid and Soni, Jay and Száva, Antal and Thabet, Slimane and Vargas-Hernández, Rodrigo A. and Vincent, Trevor and Vitucci, Nicola and Weber, Maurice and Wierichs, David and Wiersema, Roeland and Willmann, Moritz and Wong, Vincent and Zhang, Shaoming and Killoran, Nathan},
  date          = {2022},
  doi           = {10.48550/arXiv.1811.04968},
  eprint        = {1811.04968},
  eprinttype    = {arxiv},
  number        = {arXiv:1811.04968},
  primaryclass  = {physics, physics:quant-ph},
  publisher     = {{arXiv}},
  shorttitle    = {{{PennyLane}}},
  title         = {{{PennyLane}}: {{Automatic}} Differentiation of Hybrid Quantum-Classical Computations},
  url           = {http://arxiv.org/abs/1811.04968},
}
% == BibLateX quality report for pennylane:
% Unexpected field 'number'
% Unexpected field 'primaryclass'
% Unexpected field 'publisher'
% Unexpected field 'archiveprefix'

@article{pesah2021,
  author       = {Pesah, Arthur and Cerezo, M. and Wang, Samson and Volkoff, Tyler and Sornborger, Andrew T. and Coles, Patrick J.},
  date         = {2021},
  doi          = {10.1103/PhysRevX.11.041011},
  journaltitle = {Physical Review X},
  langid       = {english},
  number       = {4},
  pages        = {041011},
  shortjournal = {Phys. Rev. X},
  title        = {Absence of {{Barren Plateaus}} in {{Quantum Convolutional Neural Networks}}},
  url          = {https://link.aps.org/doi/10.1103/PhysRevX.11.041011},
  volume       = {11},
}
% == BibLateX quality report for pesah2021:
% ? Title looks like it was stored in title-case in Zotero
% ? unused ISSN ("2160-3308")
% ? unused Library catalog ("DOI.org (Crossref)")

@inproceedings{pytorch,
  author     = {Paszke, Adam and Gross, Sam and Massa, Francisco and Lerer, Adam and Bradbury, James and Chanan, Gregory and Killeen, Trevor and Lin, Zeming and Gimelshein, Natalia and Antiga, Luca and Desmaison, Alban and Kopf, Andreas and Yang, Edward and DeVito, Zachary and Raison, Martin and Tejani, Alykhan and Chilamkurthy, Sasank and Steiner, Benoit and Fang, Lu and Bai, Junjie and Chintala, Soumith},
  booktitle  = {Advances in {{Neural Information Processing Systems}}},
  date       = {2019},
  publisher  = {{Curran Associates, Inc.}},
  shorttitle = {{{PyTorch}}},
  title      = {{{PyTorch}}: {{An Imperative Style}}, {{High-Performance Deep Learning Library}}},
  url        = {https://papers.nips.cc/paper/2019/hash/bdbca288fee7f92f2bfa9f7012727740-Abstract.html},
  volume     = {32},
}
% == BibLateX quality report for pytorch:
% ? Unsure about the formatting of the booktitle
% ? Title looks like it was stored in title-case in Zotero
% ? unused Library catalog ("Neural Information Processing Systems")

@software{qiskit,
  author       = {Treinish, Matthew and Gambetta, Jay and Nation, Paul and Qiskit-Bot and Kassebaum, Paul and Rodríguez, Diego M. and De La Puente González, Salvador and Shaohan Hu and Lishman, Jake and Krsulich, Kevin and Garrison, Jim and Bello, Luciano and Yu, Jessie and Marques, Manoel and Gacon, Julien and McKay, David and Gomez, Juan and Capelluto, Lauren and Travis-S-IBM and Panigrahi, Ashish and Lerongil and Rafey Iqbal Rahman and Wood, Steve and Toshinari Itoko and Mitchell, Abby and Pozas-Kerstjens, Alex and Wood, Christopher J. and Divyanshu Singh and Drew and Arbel, Eli},
  date         = {2022},
  doi          = {10.5281/ZENODO.2573505},
  organization = {{Zenodo}},
  shorttitle   = {Qiskit/Qiskit},
  title        = {Qiskit: {{An Open-source Framework}} for {{Quantum Computing}}},
  url          = {https://zenodo.org/record/2573505},
  version      = {0.39.2},
}
% == BibLateX quality report for qiskit:
% ? unused Library catalog ("DOI.org (Datacite)")

@unpublished{rivera-dean2021,
  archiveprefix = {arXiv},
  author        = {Rivera-Dean, Javier and Huembeli, Patrick and Acín, Antonio and Bowles, Joseph},
  date          = {2021},
  eprint        = {2104.02955},
  eprinttype    = {arxiv},
  primaryclass  = {quant-ph},
  title         = {Avoiding Local Minima in {{Variational Quantum Algorithms}} with {{Neural Networks}}},
  url           = {http://arxiv.org/abs/2104.02955},
}
% == BibLateX quality report for rivera-dean2021:
% Unexpected field 'primaryclass'
% Unexpected field 'archiveprefix'

@article{robbins1952,
  author       = {Robbins, Herbert},
  date         = {1952},
  doi          = {10.1090/S0002-9904-1952-09620-8},
  journaltitle = {Bulletin of the American Mathematical Society},
  langid       = {english},
  number       = {5},
  pages        = {527--535},
  shortjournal = {Bull. Amer. Math. Soc.},
  title        = {Some Aspects of the Sequential Design of Experiments},
  url          = {https://www.ams.org/bull/1952-58-05/S0002-9904-1952-09620-8/},
  volume       = {58},
}
% == BibLateX quality report for robbins1952:
% ? unused ISSN ("0273-0979, 1088-9485")
% ? unused Library catalog ("DOI.org (Crossref)")

@article{russo2018,
  author       = {Russo, Daniel J. and Roy, Benjamin Van and Kazerouni, Abbas and Osband, Ian and Wen, Zheng},
  date         = {2018},
  doi          = {10.1561/2200000070},
  journaltitle = {Foundations and Trends® in Machine Learning},
  langid       = {english},
  number       = {1},
  pages        = {1--96},
  publisher    = {{Now Publishers, Inc.}},
  shortjournal = {MAL},
  title        = {A {{Tutorial}} on {{Thompson Sampling}}},
  url          = {https://www.nowpublishers.com/article/Details/MAL-070},
  volume       = {11},
}
% == BibLateX quality report for russo2018:
% Unexpected field 'publisher'
% ? Title looks like it was stored in title-case in Zotero
% ? unused ISSN ("1935-8237, 1935-8245")
% ? unused Library catalog ("www.nowpublishers.com")

@article{saggio2021,
  author       = {Saggio, V. and Asenbeck, B. E. and Hamann, A. and Strömberg, T. and Schiansky, P. and Dunjko, V. and Friis, N. and Harris, N. C. and Hochberg, M. and Englund, D. and Wölk, S. and Briegel, H. J. and Walther, P.},
  date         = {2021},
  doi          = {10.1038/s41586-021-03242-7},
  journaltitle = {Nature},
  langid       = {english},
  number       = {7849},
  pages        = {229--233},
  shortjournal = {Nature},
  title        = {Experimental Quantum Speed-up in Reinforcement Learning Agents},
  url          = {http://www.nature.com/articles/s41586-021-03242-7},
  volume       = {591},
}
% == BibLateX quality report for saggio2021:
% ? unused ISSN ("0028-0836, 1476-4687")
% ? unused Library catalog ("DOI.org (Crossref)")

@article{sb3,
  author       = {Raffin, Antonin and Hill, Ashley and Gleave, Adam and Kanervisto, Anssi and Ernestus, Maximilliam and Dormann, Noah},
  date         = {2021},
  journaltitle = {Journal of Machine Learning Research},
  number       = {268},
  pages        = {1--8},
  title        = {Stable-{{Baselines3}}: {{Reliable Reinforcement Learning Implementations}}},
  url          = {http://jmlr.org/papers/v22/20-1364.html},
  volume       = {22},
}
% == BibLateX quality report for sb3:
% ? Title looks like it was stored in title-case in Zotero

@book{schuld2018,
  author    = {Schuld, Maria and Petruccione, Francesco},
  date      = {2018},
  doi       = {10.1007/978-3-319-96424-9},
  isbn      = {978-3-319-96423-2},
  langid    = {english},
  location  = {{Cham}},
  publisher = {{Springer International Publishing}},
  series    = {Quantum {{Science}} and {{Technology}}},
  title     = {Supervised {{Learning}} with {{Quantum Computers}}},
  url       = {http://link.springer.com/10.1007/978-3-319-96424-9},
}
% == BibLateX quality report for schuld2018:
% ? Title looks like it was stored in title-case in Zotero
% ? unused Library catalog ("DOI.org (Crossref)")

@article{schuld2019,
  author       = {Schuld, Maria and Bergholm, Ville and Gogolin, Christian and Izaac, Josh and Killoran, Nathan},
  date         = {2019},
  doi          = {10.1103/PhysRevA.99.032331},
  journaltitle = {Physical Review A},
  langid       = {english},
  number       = {3},
  pages        = {032331},
  shortjournal = {Phys. Rev. A},
  title        = {Evaluating Analytic Gradients on Quantum Hardware},
  url          = {https://link.aps.org/doi/10.1103/PhysRevA.99.032331},
  volume       = {99},
}
% == BibLateX quality report for schuld2019:
% ? unused ISSN ("2469-9926, 2469-9934")
% ? unused Library catalog ("DOI.org (Crossref)")

@article{schuld2019a,
  author       = {Schuld, Maria and Killoran, Nathan},
  date         = {2019},
  doi          = {10.1103/PhysRevLett.122.040504},
  journaltitle = {Physical Review Letters},
  langid       = {english},
  number       = {4},
  pages        = {040504},
  shortjournal = {Phys. Rev. Lett.},
  title        = {Quantum {{Machine Learning}} in {{Feature Hilbert Spaces}}},
  url          = {https://link.aps.org/doi/10.1103/PhysRevLett.122.040504},
  volume       = {122},
}
% == BibLateX quality report for schuld2019a:
% ? Title looks like it was stored in title-case in Zotero
% ? unused ISSN ("0031-9007, 1079-7114")
% ? unused Library catalog ("DOI.org (Crossref)")

@book{schuld2021,
  author    = {Schuld, Maria and Petruccione, Francesco},
  date      = {2021},
  doi       = {10.1007/978-3-030-83098-4},
  isbn      = {978-3-030-83097-7},
  langid    = {english},
  location  = {{Cham}},
  publisher = {{Springer International Publishing}},
  series    = {Quantum {{Science}} and {{Technology}}},
  title     = {Machine {{Learning}} with {{Quantum Computers}}},
  url       = {https://link.springer.com/10.1007/978-3-030-83098-4},
}
% == BibLateX quality report for schuld2021:
% ? Title looks like it was stored in title-case in Zotero
% ? unused Library catalog ("DOI.org (Crossref)")

@article{schuld2021a,
  archiveprefix = {arXiv},
  author        = {Schuld, Maria and Sweke, Ryan and Meyer, Johannes Jakob},
  date          = {2021},
  doi           = {10.1103/PhysRevA.103.032430},
  eprint        = {2008.08605},
  eprinttype    = {arxiv},
  journaltitle  = {Physical Review A},
  number        = {3},
  pages         = {032430},
  primaryclass  = {quant-ph, stat},
  shortjournal  = {Phys. Rev. A},
  title         = {The Effect of Data Encoding on the Expressive Power of Variational Quantum Machine Learning Models},
  url           = {http://arxiv.org/abs/2008.08605},
  volume        = {103},
}
% == BibLateX quality report for schuld2021a:
% Unexpected field 'primaryclass'
% Unexpected field 'archiveprefix'
% ? unused ISSN ("2469-9926, 2469-9934")

@online{sharma2022,
  author       = {Sharma, Arjun},
  date         = {2022},
  langid       = {american},
  organization = {{DoorDash Engineering Blog}},
  title        = {Using a {{Multi-Armed Bandit}} with {{Thompson Sampling}} to {{Identify Responsive Dashers}}},
  url          = {https://doordash.engineering/2022/03/15/using-a-multi-armed-bandit-with-thompson-sampling-to-identify-responsive-dashers/},
}
% == BibLateX quality report for sharma2022:
% ? Title looks like it was stored in title-case in Zotero

@inproceedings{shor1994,
  author     = {Shor, Peter W.},
  booktitle  = {Proceedings 35th {{Annual Symposium}} on {{Foundations}} of {{Computer Science}}},
  date       = {1994},
  doi        = {10.1109/SFCS.1994.365700},
  isbn       = {978-0-8186-6580-6},
  location   = {{Santa Fe, New Mexico, United States of America}},
  pages      = {124--134},
  publisher  = {{IEEE}},
  shorttitle = {Algorithms for Quantum Computation},
  title      = {Algorithms for Quantum Computation: Discrete Logarithms and Factoring},
  url        = {http://ieeexplore.ieee.org/document/365700/},
}
% == BibLateX quality report for shor1994:
% ? unused Library catalog ("DOI.org (Crossref)")

@article{skolik2022,
  archiveprefix = {arXiv},
  author        = {Skolik, Andrea and Jerbi, Sofiene and Dunjko, Vedran},
  date          = {2022},
  doi           = {10.22331/q-2022-05-24-720},
  eprint        = {2103.15084},
  eprinttype    = {arxiv},
  journaltitle  = {Quantum},
  pages         = {720},
  primaryclass  = {quant-ph},
  shortjournal  = {Quantum},
  shorttitle    = {Quantum Agents in the {{Gym}}},
  title         = {Quantum Agents in the {{Gym}}: A Variational Quantum Algorithm for Deep {{Q-learning}}},
  url           = {http://arxiv.org/abs/2103.15084},
  volume        = {6},
}
% == BibLateX quality report for skolik2022:
% Unexpected field 'primaryclass'
% Unexpected field 'archiveprefix'
% ? unused ISSN ("2521-327X")

@article{slivkins2019,
  author       = {Slivkins, Aleksandrs},
  date         = {2019},
  doi          = {10.1561/2200000068},
  journaltitle = {Foundations and Trends® in Machine Learning},
  langid       = {english},
  number       = {1-2},
  pages        = {1--286},
  shortjournal = {FNT in Machine Learning},
  title        = {Introduction to {{Multi-Armed Bandits}}},
  url          = {http://www.nowpublishers.com/article/Details/MAL-068},
  volume       = {12},
}
% == BibLateX quality report for slivkins2019:
% ? Title looks like it was stored in title-case in Zotero
% ? unused ISSN ("1935-8237, 1935-8245")
% ? unused Library catalog ("DOI.org (Crossref)")

@article{suzuki2020,
  archiveprefix = {arXiv},
  author        = {Suzuki, Yohichi and Uno, Shumpei and Raymond, Rudy and Tanaka, Tomoki and Onodera, Tamiya and Yamamoto, Naoki},
  date          = {2020},
  doi           = {10.1007/s11128-019-2565-2},
  eprint        = {1904.10246},
  eprinttype    = {arxiv},
  journaltitle  = {Quantum Information Processing},
  number        = {2},
  pages         = {75},
  primaryclass  = {quant-ph},
  shortjournal  = {Quantum Inf Process},
  title         = {Amplitude Estimation without Phase Estimation},
  url           = {http://arxiv.org/abs/1904.10246},
  volume        = {19},
}
% == BibLateX quality report for suzuki2020:
% Unexpected field 'primaryclass'
% Unexpected field 'archiveprefix'
% ? unused ISSN ("1570-0755, 1573-1332")

@article{sweke2020,
  archiveprefix = {arXiv},
  author        = {Sweke, Ryan and Wilde, Frederik and Meyer, Johannes and Schuld, Maria and Faehrmann, Paul K. and Meynard-Piganeau, Barthélémy and Eisert, Jens},
  date          = {2020},
  doi           = {10.22331/q-2020-08-31-314},
  eprint        = {1910.01155},
  eprinttype    = {arxiv},
  journaltitle  = {Quantum},
  pages         = {314},
  shortjournal  = {Quantum},
  title         = {Stochastic Gradient Descent for Hybrid Quantum-Classical Optimization},
  url           = {http://arxiv.org/abs/1910.01155},
  volume        = {4},
}
% == BibLateX quality report for sweke2020:
% Unexpected field 'archiveprefix'
% ? unused ISSN ("2521-327X")

@article{takaki2021,
  author       = {Takaki, Yuto and Mitarai, Kosuke and Negoro, Makoto and Fujii, Keisuke and Kitagawa, Masahiro},
  date         = {2021},
  doi          = {10.1103/PhysRevA.103.052414},
  journaltitle = {Physical Review A},
  number       = {5},
  pages        = {052414},
  publisher    = {{American Physical Society}},
  shortjournal = {Phys. Rev. A},
  title        = {Learning Temporal Data with a Variational Quantum Recurrent Neural Network},
  url          = {https://link.aps.org/doi/10.1103/PhysRevA.103.052414},
  volume       = {103},
}
% == BibLateX quality report for takaki2021:
% Unexpected field 'publisher'
% ? unused Library catalog ("APS")

@article{thompson1933,
  author       = {Thompson, William R.},
  date         = {1933},
  doi          = {10.1093/biomet/25.3-4.285},
  journaltitle = {Biometrika},
  number       = {3-4},
  pages        = {285--294},
  shortjournal = {Biometrika},
  title        = {On the {{Likelihood}} That {{One Unknown Probability Exceeds Another}} in {{View}} of {{Evidence}} of {{Two Samples}}},
  url          = {https://doi.org/10.1093/biomet/25.3-4.285},
  volume       = {25},
}
% == BibLateX quality report for thompson1933:
% ? unused ISSN ("0006-3444")
% ? unused Library catalog ("Silverchair")

@article{torlai2020,
  author       = {Torlai, Giacomo and Mazzola, Guglielmo and Carleo, Giuseppe and Mezzacapo, Antonio},
  date         = {2020},
  doi          = {10.1103/PhysRevResearch.2.022060},
  journaltitle = {Physical Review Research},
  langid       = {english},
  number       = {2},
  pages        = {022060},
  shortjournal = {Phys. Rev. Research},
  title        = {Precise Measurement of Quantum Observables with Neural-Network Estimators},
  url          = {https://link.aps.org/doi/10.1103/PhysRevResearch.2.022060},
  volume       = {2},
}
% == BibLateX quality report for torlai2020:
% ? unused ISSN ("2643-1564")
% ? unused Library catalog ("DOI.org (Crossref)")

@unpublished{verdon2019,
  archiveprefix = {arXiv},
  author        = {Verdon, Guillaume and Broughton, Michael and McClean, Jarrod Ryan and Sung, Kevin Jeffery and Babbush, Ryan and Jiang, Zhang and Neven, Hartmut and Mohseni, Masoud},
  date          = {2019},
  eprint        = {1907.05415},
  eprinttype    = {arxiv},
  title         = {Learning to Learn with Quantum Neural Networks via Classical Neural Networks},
  url           = {https://arxiv.org/abs/1907.05415},
}
% == BibLateX quality report for verdon2019:
% Unexpected field 'archiveprefix'
% ? unused Library catalog ("Google Research")

@inproceedings{vermorel2005,
  author    = {Vermorel, Joannès and Mohri, Mehryar},
  booktitle = {Machine {{Learning}}: {{ECML}} 2005},
  date      = {2005},
  doi       = {10.1007/11564096_42},
  editor    = {Gama, João and Camacho, Rui and Brazdil, Pavel B. and Jorge, Alípio Mário and Torgo, Luís},
  isbn      = {978-3-540-31692-3},
  langid    = {english},
  location  = {{Berlin, Heidelberg}},
  pages     = {437--448},
  publisher = {{Springer}},
  series    = {Lecture {{Notes}} in {{Computer Science}}},
  title     = {Multi-Armed {{Bandit Algorithms}} and {{Empirical Evaluation}}},
}
% == BibLateX quality report for vermorel2005:
% ? unused Library catalog ("Springer Link")

@article{wan2022,
  author    = {Wan, Zongqi and Zhang, Zhijie and Li, Tongyang and Zhang, Jialin and Sun, Xiaoming},
  date      = {2022},
  doi       = {10.48550/ARXIV.2205.14988},
  publisher = {{arXiv}},
  title     = {Quantum {{Multi-Armed Bandits}} and {{Stochastic Linear Bandits Enjoy Logarithmic Regrets}}},
  url       = {https://arxiv.org/abs/2205.14988},
  version   = {1},
}
% == BibLateX quality report for wan2022:
% Unexpected field 'publisher'
% Missing required field 'journaltitle'
% ? Title looks like it was stored in title-case in Zotero
% ? unused Library catalog ("DOI.org (Datacite)")

@article{wang2021,
  author       = {Wang, Daochen and You, Xuchen and Li, Tongyang and Childs, Andrew M.},
  date         = {2021},
  doi          = {10.1609/aaai.v35i11.17212},
  issue        = {11},
  journaltitle = {Proceedings of the AAAI Conference on Artificial Intelligence},
  langid       = {english},
  number       = {11},
  pages        = {10102--10110},
  title        = {Quantum {{Exploration Algorithms}} for {{Multi-Armed Bandits}}},
  url          = {https://ojs.aaai.org/index.php/AAAI/article/view/17212},
  volume       = {35},
}
% == BibLateX quality report for wang2021:
% ? Title looks like it was stored in title-case in Zotero
% ? unused ISSN ("2374-3468")
% ? unused Library catalog ("ojs.aaai.org")

@article{wang2021a,
  author       = {Wang, Samson and Fontana, Enrico and Cerezo, M. and Sharma, Kunal and Sone, Akira and Cincio, Lukasz and Coles, Patrick J.},
  date         = {2021},
  doi          = {10.1038/s41467-021-27045-6},
  journaltitle = {Nature Communications},
  langid       = {english},
  number       = {1},
  pages        = {6961},
  shortjournal = {Nat Commun},
  title        = {Noise-Induced Barren Plateaus in Variational Quantum Algorithms},
  url          = {https://www.nature.com/articles/s41467-021-27045-6},
  volume       = {12},
}
% == BibLateX quality report for wang2021a:
% ? unused ISSN ("2041-1723")
% ? unused Library catalog ("DOI.org (Crossref)")

@article{wiebe2012,
  author       = {Wiebe, Nathan and Braun, Daniel and Lloyd, Seth},
  date         = {2012},
  doi          = {10.1103/PhysRevLett.109.050505},
  journaltitle = {Physical Review Letters},
  langid       = {english},
  number       = {5},
  pages        = {050505},
  shortjournal = {Phys. Rev. Lett.},
  title        = {Quantum {{Algorithm}} for {{Data Fitting}}},
  url          = {https://link.aps.org/doi/10.1103/PhysRevLett.109.050505},
  volume       = {109},
}
% == BibLateX quality report for wiebe2012:
% ? Title looks like it was stored in title-case in Zotero
% ? unused ISSN ("0031-9007, 1079-7114")
% ? unused Library catalog ("DOI.org (Crossref)")

@unpublished{wierichs2021,
  archiveprefix = {arXiv},
  author        = {Wierichs, David and Izaac, Josh and Wang, Cody and Lin, Cedric Yen-Yu},
  date          = {2021},
  eprint        = {2107.12390},
  eprinttype    = {arxiv},
  primaryclass  = {quant-ph},
  title         = {General Parameter-Shift Rules for Quantum Gradients},
  url           = {http://arxiv.org/abs/2107.12390},
}
% == BibLateX quality report for wierichs2021:
% Unexpected field 'primaryclass'
% Unexpected field 'archiveprefix'

@article{wu2023,
  author    = {Wu, Yulian and Guan, Chaowen and Aggarwal, Vaneet and Wang, Di},
  date      = {2023},
  doi       = {10.48550/ARXIV.2301.09680},
  publisher = {{arXiv}},
  title     = {Quantum {{Heavy-tailed Bandits}}},
  url       = {https://arxiv.org/abs/2301.09680},
  version   = {1},
}
% == BibLateX quality report for wu2023:
% Unexpected field 'publisher'
% Missing required field 'journaltitle'
% ? unused Library catalog ("DOI.org (Datacite)")

@article{yan2020,
  author       = {Yan, Shilu and Qi, Hongsheng and Cui, Wei},
  date         = {2020},
  doi          = {10.1103/PhysRevA.102.052421},
  journaltitle = {Physical Review A},
  langid       = {english},
  number       = {5},
  pages        = {052421},
  shortjournal = {Phys. Rev. A},
  shorttitle   = {Nonlinear Quantum Neuron},
  title        = {Nonlinear Quantum Neuron: {{A}} Fundamental Building Block for Quantum Neural Networks},
  url          = {https://link.aps.org/doi/10.1103/PhysRevA.102.052421},
  volume       = {102},
}
% == BibLateX quality report for yan2020:
% ? unused ISSN ("2469-9926, 2469-9934")
% ? unused Library catalog ("DOI.org (Crossref)")

@article{ying2021,
  author       = {Ying, Ming-Sheng and Feng, Yuan and Ying, Sheng-Gang},
  date         = {2021},
  doi          = {10.1007/s11633-021-1278-z},
  journaltitle = {International Journal of Automation and Computing},
  langid       = {english},
  number       = {3},
  pages        = {410--421},
  shortjournal = {Int. J. Autom. Comput.},
  title        = {Optimal {{Policies}} for {{Quantum Markov Decision Processes}}},
  url          = {https://doi.org/10.1007/s11633-021-1278-z},
  volume       = {18},
}
% == BibLateX quality report for ying2021:
% ? Title looks like it was stored in title-case in Zotero
% ? unused ISSN ("1751-8520")
% ? unused Library catalog ("Springer Link")

@article{zalka1999,
  author       = {Zalka, Christof},
  date         = {1999},
  doi          = {10.1103/PhysRevA.60.2746},
  journaltitle = {Physical Review A},
  langid       = {english},
  number       = {4},
  pages        = {2746--2751},
  shortjournal = {Phys. Rev. A},
  title        = {Grover’s Quantum Searching Algorithm Is Optimal},
  url          = {https://link.aps.org/doi/10.1103/PhysRevA.60.2746},
  volume       = {60},
}
% == BibLateX quality report for zalka1999:
% ? unused ISSN ("1050-2947, 1094-1622")
% ? unused Library catalog ("DOI.org (Crossref)")

@article{zeng2022,
  author       = {Zeng, Yi and Wang, Hao and He, Jin and Huang, Qijun and Chang, Sheng},
  date         = {2022},
  doi          = {10.3390/e24030394},
  journaltitle = {Entropy},
  langid       = {english},
  number       = {3},
  pages        = {394},
  shortjournal = {Entropy},
  title        = {A {{Multi-Classification Hybrid Quantum Neural Network Using}} an {{All-Qubit Multi-Observable Measurement Strategy}}},
  url          = {https://www.mdpi.com/1099-4300/24/3/394},
  volume       = {24},
}
% == BibLateX quality report for zeng2022:
% ? Title looks like it was stored in title-case in Zotero
% ? unused ISSN ("1099-4300")
% ? unused Library catalog ("DOI.org (Crossref)")

@article{zhong2020,
  author       = {Zhong, Han-Sen and Wang, Hui and Deng, Yu-Hao and Chen, Ming-Cheng and Peng, Li-Chao and Luo, Yi-Han and Qin, Jian and Wu, Dian and Ding, Xing and Hu, Yi and Hu, Peng and Yang, Xiao-Yan and Zhang, Wei-Jun and Li, Hao and Li, Yuxuan and Jiang, Xiao and Gan, Lin and Yang, Guangwen and You, Lixing and Wang, Zhen and Li, Li and Liu, Nai-Le and Lu, Chao-Yang and Pan, Jian-Wei},
  date         = {2020},
  doi          = {10.1126/science.abe8770},
  journaltitle = {Science},
  langid       = {english},
  number       = {6523},
  pages        = {1460--1463},
  shortjournal = {Science},
  title        = {Quantum Computational Advantage Using Photons},
  url          = {https://www.science.org/doi/10.1126/science.abe8770},
  volume       = {370},
}
% == BibLateX quality report for zhong2020:
% ? unused ISSN ("0036-8075, 1095-9203")
% ? unused Library catalog ("DOI.org (Crossref)")
